=LDR  00809cz  a2200181n  4500
=001  9881766360102441
=005  20240401094420.0
=008  050602i|\anannbabn\\\\\\\\\\|a\ana\\\\\c
=010  \\$ash2005020377
=035  \\$a(DLC) sh2005020377
=035  \\$a(LIBRARY_OF_CONGRESS)98169534720000041
=040  \\$aWaU$beng$cDLC$dWaU
=053  \0$aLC2574$bLC2576
=150  \7$aLGBTQ+ students$2nula
=450  \\$aSexual minority students$wnne
=550  \\$wg$aMinority students
=667  \\$aMain entry changed to a local heading in 2021 from Sexual minority students to LGBTQ+ students by jdc following pattern from Homosaurus. Original term added as former heading.
=670  \\$aWork cat.: Bochenek, M. Hatred in the hallways : violence and discrimination against lesbian, gay, bisexual, and transgender students in U.S. schools, c2001.

