=LDR  00734cz  a2200169n  4500
=001  9881766360702441
=005  20240401095236.0
=008  061215i|\anannbabn\\\\\\\\\\|a\ana\\\\\\
=010  \\$ash2006008258
=035  \\$a(DLC) sh2006008258
=035  \\$a(LIBRARY_OF_CONGRESS)98168813890000041
=040  \\$aDLC$beng$cDLC
=150  \7$aSocial work with LGBTQ+ people$2nula
=450  \\$aSocial work with sexual minorities$wnne
=550  \\$wg$aSexual minorities
=667  \\$aMain entry changed to a local heading in 2021 from Social work with sexual minorities to Social work with LGBTQ+ people by jdc following pattern from Homosaurus. Original term added as former heading.
=670  \\$aWork cat.: 2006038188: Hunter, S. Coming out and disclosures, c2007.

