=LDR  01626cz  a2200169n  4500
=001  9881766360802441
=005  20240401095317.0
=008  070712i|\anannbabn\\\\\\\\\\|a\ana\\\\\c
=010  \\$ash2007003100
=035  \\$a(DLC) sh2007003100
=035  \\$a(LIBRARY_OF_CONGRESS)98170409850000041
=040  \\$aWaU$beng$cDLC
=150  \7$aSocial work with LGBTQ+ youth$2nula
=450  \\$aSocial work with sexual minority youth$wnne
=550  \\$wg$aSexual minority youth
=667  \\$aMain entry changed to a local heading in 2021 from Social work with sexual minority youth to Social work with LGBTQ+ youth by jdc following pattern from Homosaurus. Original term added as former heading.
=670  \\$aWork cat.: Woronoff, R. Out of the margins : a report on regional listening forums highlighting the experiences of lesbian, gay, bisexual, transgender, and questioning youth in care, c2006:$bp. xi (building the capacity of the child welfare system to better meet the needs of LGBTQ young people in care) p. xii (LGBTQ youth may not be readily recognized by child welfare professionals) p. xvii (If LGBTQ youth in care are to be served competently and compassionately, staff and service providers throughout all levels of the child welfare system require comprehensive training on how to do so) p. 6 (an individual caseworker may hold strong negative religious beliefs or other personal biases against LGBTQ youth, but under no circumstances should those private views be permitted to interfere with that caseworker's responsibility to provide professional, respectful care to all young people, including those who are or may be perceived to be LGBTQ)

