=LDR  01048cz  a2200181n  4500
=001  9881766361902441
=005  20240329145125.0
=008  041214i|\anannbabn\\\\\\\\\\|a\ana\\\\\c
=010  \\$ash2004011607
=035  \\$a(DLC) sh2004011607
=035  \\$a(LIBRARY_OF_CONGRESS)98171860370000041
=040  \\$aWaU$beng$cDLC
=150  \7$aParents of LGBTQ+ youth$2nula
=450  \\$aParents of sexual minority youth$wnne
=550  \\$wg$aSexual minority youth
=667  \\$aMain entry changed to a local heading in 2021 from Parents of sexual minority youth to Parents of LGBTQ+ youth by jdc modeled on Homosaurus. Original term added as former heading.
=670  \\$aWork cat.: Making sense, c2003:$bt.p. (parents, families, and friends of gay, lesbian, bisexual, and transgender young people) p. 2 (this booklet is written primarily for parents of gay, lesbian, bisexual, or transgender young people who live in Victoria)
=670  \\$aLC database, Dec. 14, 2004$b(parent's guide to understanding your gay, lesbian, bisexual, transgendered, or questioning son or daughter)

