=LDR  01100cz  a2200181n  4500
=001  9881766362002441
=005  20240401091758.0
=008  101102i|\anannbabn\\\\\\\\\\|a\ana\\\\\c
=010  \\$ash2010014461
=035  \\$a(DLC) sh2010014461
=035  \\$a(LIBRARY_OF_CONGRESS)98169914320000041
=040  \\$aWaU$beng$cDLC
=150  \7$aPolice services for LGBTQ+ people$2nula
=450  \\$aPolice services for sexual minorities$wnne
=450  \\$aPolice social work with sexual minorities
=550  \\$wg$aSexual minorities
=667  \\$aMain entry changed to a local heading in 2021 from Police services for sexual minorities to Police services for LGBTQ+ people by jdc following pattern from Homosaurus. Original term added as former heading.
=670  \\$aWork cat.: PolaÌcÌek, R. Joining forces to combat homophobic and transphobic hate crime : cooperation between police forces and LGBT organisations in Europe, 2010:$bp. 23 (support services for victims) p. 47 (establishing cooperation between police and all local agencies and organisations providing victim services) p. 60 (policing services for LGBT people)

