=LDR  00740nz  a2200157n  4500
=001  9881766362302441
=005  20240401092128.0
=008  121028\|\anannbabn\\\\\\\\\\|n\ana\\\\\c
=010  \\$ash2012004224
=035  \\$a(DLC)sh2012004224
=035  \\$a(LIBRARY_OF_CONGRESS)98188977120000041
=040  \\$aWaU$beng$cDLC
=150  \7$aLGBTQ+ people in art$2nula
=450  \\$aSexual minorities in art$wnne
=667  \\$aMain entry changed to a local heading in 2021 from Sexual minorities in art to LGBTQ+ people in art by jdc following pattern from Homosaurus. Original term added as former heading.
=670  \\$aWork cat.: Prism Comics : your LGBT guide to comics, 2009-2010 ed.:$bcover (your guide to everything gay, lesbian, bisexual and transgendered in comics)

