=LDR  01035cz  a2200169n  4500
=001  9881766362402441
=005  20240401092541.0
=008  060828\|\anannbabn\\\\\\\\\\|n\ana\\\\\c
=010  \\$ash2006003915
=035  \\$a(DLC) sh2006003915
=035  \\$a(LIBRARY_OF_CONGRESS)98169028110000041
=040  \\$aWaU$beng$cDLC
=150  \7$aLGBTQ+ people in literature$2nula
=450  \\$aSexual minorities in literature$wnne
=667  \\$aMain entry changed to a local heading in 2021 from Sexual minorities in literature to LGBTQ+ people in literature by jdc following pattern from Homosaurus. Original term added as former heading.
=670  \\$aWork cat.: Cahill, R.E. The relationship between political environment and size of a library's collection of GLBTQ fiction for young adults, 2004:$bPDF abstr. (young adult fiction ... with gay, lesbian, bisexual, transgender, or questioning (GLBTQ) characters)
=670  \\$aOCLC, May 21, 2006$b(ti: Books involving lesbian, gay, bisexual, or transgender characters in public elementary school library media centers)

