=LDR  01128nz  a2200169n  4500
=001  9881766362602441
=005  20240401093459.0
=008  111129\|\anannbabn\\\\\\\\\\|a\ana\\\\\c
=010  \\$ash2011005494
=035  \\$a(DLC)sh2011005494
=035  \\$a(LIBRARY_OF_CONGRESS)98176471050000041
=040  \\$aWaU$beng$cDLC
=150  \7$aLGBTQ+ people in motion pictures$2nula
=450  \\$aSexual minorities in motion pictures$wnne
=550  \\$wg$aMotion pictures
=667  \\$aMain entry changed to a local heading in 2021 from Sexual minorities in motion pictures to LGBTQ+ people in motion pictures by jdc following pattern from Homosaurus. Original term added as former heading.
=670  \\$aWork cat.: June, J.L. Is it queer enough?, 2003:$bp. 5 (queer films) p. 13 (gay, lesbian, bisexual and transgender themed films and video; gay, lesbian, bisexual and transgender films; LGBT characters in film) p. 15 (lgbtq film) p. 16 (the requirements for consideration of work in relation to lgbtq content, characters, and filmmaker orientation; festivals require the work to have specifically lgbtq content and characters to be considered for exhibition)

