=LDR  00790cz  a2200181n  4500
=001  9881766362702441
=005  20240401093537.0
=008  070711\|\anannbabn\\\\\\\\\\|a\ana\\\\\c
=010  \\$ash2007005093
=035  \\$a(DLC) sh2007005093
=035  \\$a(LIBRARY_OF_CONGRESS)98169855210000041
=040  \\$aWaU$beng$cDLC
=150  \7$aLGBTQ+ people on television$2nula
=450  \\$aSexual minorities on television$wnne
=550  \\$wg$aTelevision
=667  \\$aMain entry changed to a local heading in 2021 from Sexual minorities on television to LGBTQ people on television by jdc following pattern from Homosaurus. Original term added as former heading.
=670  \\$aWork cat.: Further off the straight & narrow, c2006.
=680  \\$iHere are entered works on the portrayal of sexual minorities on television.

