=LDR  01219cz  a2200205n  4500
=001  9881766362902441
=005  20240329152322.0
=008  080818\|\anannbabn\\\\\\\\\\|a\ana\\\\\c
=010  \\$ash2008006442
=035  \\$a(DLC) sh2008006442
=035  \\$a(LIBRARY_OF_CONGRESS)98169096830000041
=040  \\$aWaU$beng$cDLC$dDLC
=150  \7$aLGBTQ+ people's writings$2nula
=450  \\$aSexual minorities' writings$wnne
=450  \\$aWritings of sexual minorities
=550  \\$wg$aLiterature
=667  \\$aMain entry changed to a local heading in 2021 from Sexual minorities' writings to LGBTQ+ people's writings by jdc following pattern from Homosaurus. Original term added as former heading.
=670  \\$aWork cat.: First person queer, c2007:$bp. 4 of cover (anthology of nonfiction essays ... of queer (gay/lesbian/bisexual/trans) experience)
=670  \\$aBound by diversity, c1994:$bt.p. (essays, prose, photography, and poetry by members of the lesbian, bisexual, gay, and transgender communities)
=670  \\$aSee what goes on behind my masks, c2003:$bt.p. (writing by young people at Lambert House, a resource center for lesbian, gay, bisexual, transgender, and questioning youth, and their allies)

