=LDR  01274cz  a2200205n  4500
=001  9881766363002441
=005  20240329152352.0
=008  080818i|\anannbabn\\\\\\\\\\|a\ana\\\\\c
=010  \\$ash2008006443
=035  \\$a(DLC) sh2008006443
=035  \\$a(LIBRARY_OF_CONGRESS)98169096870000041
=040  \\$aWaU$beng$cDLC$dDLC
=150  \7$aLGBTQ+ people's writings, American$2nula
=450  \\$aSexual minorities' writings, American$wnne
=450  \\$aAmerican sexual minorities' writings
=550  \\$wg$aAmerican literature
=667  \\$aMain entry changed to a local heading in 2021 from Sexual minorities' writings, American to LGBTQ people's writings, American by jdc following pattern from Homosaurus. Original term added as former heading.
=670  \\$aWork cat.: First person queer, c2007:$bp. 4 of cover (anthology of nonfiction essays ... of queer (gay/lesbian/bisexual/trans) experience)
=670  \\$aBound by diversity, c1994:$bt.p. (essays, prose, photography, and poetry by members of the lesbian, bisexual, gay, and transgender communities)
=670  \\$aSee what goes on behind my masks, c2003:$bt.p. (writing by young people at Lambert House, a resource center for lesbian, gay, bisexual, transgender, and questioning youth, and their allies)

