=LDR  01410nz  a2200193n  4500
=001  9882116194902441
=005  20240329153335.0
=008  220303i|\anznnbabn\\\\\\\\\\|a\ana\\\\\|
=010  \\$ash2022005590
=035  \\$a(DLC)sh2022005590
=035  \\$a(LIBRARY_OF_CONGRESS)9822993151800041
=040  \\$aDLC$beng$cDLC
=150  \7$aLGBTQ+ people in popular culture$2nula
=450  \\$aSexual minorities in popular culture$wnne
=550  \\$wg$aPopular culture
=670  \\$aWork cat: Fawaz, R. Queer forms, 2022:$bgalley ( ...the most powerful uses of feminist and queer forms in the rich cultural experiments that emerged out of 1970s women's and gay liberation movements. Starting in the late 1960s, these movements sought to develop concepts for describing and doing justice to alternative expressions of gender and sexuality, while also fomenting a cultural revolution to disseminate more open-ended understandings of these same categories; because they represented the most sustained attempt to expand the feminist and queer formal possibilities of US popular culture in the late twentieth-century)$w(DLC)2021057757
=680  \\$iHere are entered works on the representation of LGBTQ people in popular culture.
=688  \\$aEstablished May 2022.
=667  \\$aMain entry changed to a local heading in 2021 from Sexual minorities in popular culture to LGBTQ+ people in popular culture by jdc according to Homosaurus pattern.

