=LDR  00699nz  a2200181n  4500
=001  9882388069102441
=005  20240401095425.0
=008  110302i|\anznnbabn\\\\\\\\\\|a\ana\\\\\\
=010  \\$ash2011000975
=035  \\$a(DLC)sh2011000975
=035  \\$a(LIBRARY_OF_CONGRESS)98174485560000041
=040  \\$aDLC$beng$cDLC
=150  \7$aLGBTQ+ Unitarians$2nula
=450  \\$aUnitarian Universalist sexual minorities$wnne
=550  \\$wg$aSexual minorities
=550  \\$wg$aUnitarian Universalists
=670  \\$aWork cat.: 2011007043: Coming out in faith, c2011.
=667  \\$aMain entry changed to a local heading in 2021 from Unitarian Universalist sexual minorities to LGBTQ+ Unitarians by jdc following Homosaurus pattern

