=LDR  00727nz  a2200181n  4500
=001  9882388069202441
=005  20240401094841.0
=008  191231i|\anznnbabn\\\\\\\\\\|a\ana\\\\\\
=010  \\$ash2019103650
=035  \\$a(DLC)sh2019103650
=035  \\$a(LIBRARY_OF_CONGRESS)9814597282000041
=040  \\$aDLC$beng$cDLC
=150  \7$aLGBTQ+ disabled youth$2nula
=450  \\$aSexual minority youth with disabilities$wnne
=550  \\$wg$aSexual minorities with disabilities
=550  \\$wg$aYouth with disabilities
=670  \\$aWork cat: 2019052862: Young, disabled and LGBT+, 2020.
=667  \\$aMain entry changed to a local heading in 2021 from Sexual minority youth with disabilities to LGBTQ+ disabled youth by Name following Homosaurus pattern

