=LDR  01294cz  a2200229n  4500
=001  9882388069302441
=005  20240401094637.0
=008  090814i|\anznnbabn\\\\\\\\\\|a\ana\\\\\c
=010  \\$ash2009007614
=035  \\$a(DLC) sh2009007614
=035  \\$a(LIBRARY_OF_CONGRESS)98169163550000041
=040  \\$aWaU$beng$cDLC
=150  \7$aLGBTQ+ women$2nula
=450  \\$aFemale sexual minorities
=450  \\$aWomen sexual minorities
=450  \\$aSexual minority women$wnne
=550  \\$wg$aSexual minorities
=550  \\$wg$aWomen
=670  \\$aWork cat.: Lehavot, K. Abuse, mastery, and health among lesbian, bisexual, and two-spirit American Indian and Alaska Native women, 2007.
=670  \\$aMental health issues for sexual minority women, 2003.
=670  \\$aOCLC, Aug. 13, 2009$b(titles: Passionate friendships among adolescent sexual-minority women; Feasibility study of a computer-based intervention to enhance emotion regulation in a sample of sexual minority women; Trauma, stress, and resilience among sexual minority women; Minority stress, resilience, and sexual functioning in sexual-minority women; Predictors of sexual minority women's career commitment)
=667  \\$aMain entry changed to a local heading in 2021 from Sexual minority women to LGBTQ+ women by jdc following Homosaurus pattern

