=LDR  00934nz  a2200169n  4500
=001  9882388069402441
=005  20240401100641.0
=008  201120i|\anznnbabn\\\\\\\\\\|a\ana\\\\\\
=010  \\$ash2020010506
=035  \\$a(DLC)sh2020010506
=035  \\$a(LIBRARY_OF_CONGRESS)9817808992300041
=040  \\$aDLC$beng$cDLC
=150  \7$aLGBTQ+ teachers$2nula
=450  \\$aSexual minority teachers$wnne
=550  \\$wg$aTeachers
=670  \\$aWork cat.: Big gay adventures in education, 2021:$bCIP summary (a collection of true stories by 'out' teachers, and students of 'out' teachers, all about their experiences in schools; aims to empower LGBT+ teachers to be the role models they needed when they were in school and help all teachers and school leaders to promote LGBT+ visibility and inclusion)$w(DLC)2020038924
=667  \\$aMain entry changed to a local heading in 2021 from Sexual minority teachers to LGBTQ+ teachers by jdc following Homosaurus pattern

