=LDR  00829cz  a2200169n  4500
=001  9882388069502441
=005  20240401094353.0
=008  070712i|\anznnbabn\\\\\\\\\\|a\ana\\\\\c
=010  \\$ash2007001345
=035  \\$a(DLC) sh2007001345
=035  \\$a(LIBRARY_OF_CONGRESS)98169122510000041
=040  \\$aWaU$beng$cDLC
=150  \7$aLGBTQ+ religious leaders$2nula
=450  \\$aSexual minority religious leaders$wnne
=550  \\$wg$aReligious leaders
=670  \\$aWork cat.: The Lesbian, Gay, Bisexual, and Transgender Religious Archives Network, via WWW, Feb. 28, 2007:$bhome page (leaders in religious movements for justice for LGBT persons) oral history page (LGBT religious leaders)
=667  \\$aMain entry changed to a local heading in 2021 from Sexual minority religious leaders to LGBTQ+ religious leaders by jdc following Homosaurus pattern

