=LDR  00985nz  a2200181n  4500
=001  9882388069602441
=005  20240401094307.0
=008  150214i|\anznnbabn\\\\\\\\\\|a\ana\\\\\c
=010  \\$ash2015000367
=035  \\$a(DLC)sh2015000367
=035  \\$a(LIBRARY_OF_CONGRESS)984137547000041
=040  \\$aWaU$beng$cDLC
=150  \7$aLGBTQ+ public officers$2nula
=450  \\$aSexual minority public officers$wnne
=550  \\$wg$aPublic officers
=670  \\$aWork cat.: Schlittler, R. Out and elected in the USA: 1974-2004, via WWW, Feb. 14, 2015$bhome page (openly lesbian, gay, bisexual, or transgender individuals elected to public office in the US)
=670  \\$aList of the first LGBT holders of political offices, via Wikipedia, Feb. 14, 2015$b(list of political offices which have been held by a lesbian, gay, bisexual or transgender person)
=667  \\$aMain entry changed to a local heading in 2021 from Sexual minority public officers to LGBTQ+ public officers by jdc following Homosaurus pattern

