=LDR  00742nz  a2200205n  4500
=001  9882388069702441
=005  20240401094135.0
=008  140806i|\anznnbabn\\\\\\\\\\|a\ana\\\\\c
=010  \\$ash2014001993
=035  \\$a(DLC)sh2014001993
=035  \\$a(LIBRARY_OF_CONGRESS)983784652500041
=040  \\$aCU-A$beng$cDLC
=150  \7$aLGBTQ+ men$2nula
=450  \\$aMale sexual minorities
=450  \\$aMen sexual minorities
=450  \\$aSexual minority men$wnne
=550  \\$wg$aMen
=550  \\$wg$aSexual minorities
=670  \\$aWork cat: Graham, L. F. Examining the psychosocial health of black sexual minority men, 2010.
=667  \\$aMain entry changed to a local heading in 2021 from Sexual minority men to LGBTQ+ men by jdc following Homosaurus pattern

