=LDR  01742cz  a2200205n  4500
=001  9882388069802441
=005  20240401094044.0
=008  070907i|\anznnbabn\\\\\\\\\\|a\ana\\\\\c
=010  \\$ash2007007470
=035  \\$a(DLC) sh2007007470
=035  \\$a(LIBRARY_OF_CONGRESS)98170855540000041
=040  \\$aTXU$beng$cDLC
=150  \7$aLGBTQ+ consumers$2nula
=450  \\$aSexual minority consumers$wnne
=550  \\$wg$aMinority consumers
=670  \\$aWork cat.: What does it mean to be gay in American consumer culture?, 2006:$bp. vi (GLBT-identified consumers; how sexual and gender minorities interact with ambiguous gay window and explicit out-of-closet commercials) p. 284 (the increasingly used acronym GLBT in the communities ... considered as less controversial than the terms "queer" or "lesbigay" and is more comprehensive than gay or homosexual)
=670  \\$aHandbook of lesbian and gay studies, 2002:$bp. 448 (the pink economy; queer consumption; lesbian and gay consumption)
=670  \\$aGoogle search, Sept. 6, 2007:$bCultural Diversity Series: Meeting the Mental Health Needs of Gay, Lesbian,Bisexual and Transgender Persons, p. 1 (gay, lesbian, bisexual and transgender consumers; GLBT consumers; people who are gay, lesbian, bisexual and transgender (GLBT) represent a substantial minority of the U.S. population)
=670  \\$aGLBTQ, an encyclopedia of gay, lesbian, bisexual, transgender and queer culture, viewed Sept. 6, 2007:$bArt--Advertising and consumerism (glbtq people as consumers; glbtq consumerism; lesbian, gay, bisexual, transgender, and queer identities as consumer identities)
=667  \\$aMain entry changed to a local heading in 2021 from Sexual minority consumers to LGBTQ+ consumers by jdc following Homosaurus pattern

