=LDR  00680nz  a2200169n  4500
=001  9882388069902441
=005  20240401093945.0
=008  130307i|\anznnbabn\\\\\\\\\\|a\ana\\\\\c
=010  \\$ash2013000651
=035  \\$a(DLC)sh2013000651
=035  \\$a(LIBRARY_OF_CONGRESS)983157932100041
=040  \\$aTNJ$beng$cDLC
=150  \7$aLGBTQ+ college athletes$2nula
=450  \\$aSexual minority college athletes$wnne
=550  \\$wg$aCollege athletes
=670  \\$aWork cat: Campus pride 2012 LGBTQ national college athlete report, c2012.
=667  \\$aMain entry changed to a local heading in 2021 from Sexual minority college athletes heading to LGBTQ+ college athletes by jdc following Homosaurus pattern

