=LDR  01503cz  a2200205n  4500
=001  9882388070002441
=005  20240401093836.0
=008  090818i|\anznnbabn\\\\\\\\\\|a\ana\\\\\c
=010  \\$ash2009007669
=035  \\$a(DLC) sh2009007669
=035  \\$a(LIBRARY_OF_CONGRESS)98169249760000041
=040  \\$aWaU$beng$cDLC
=150  \7$aLGBTQ+-owned businesses$2nula
=450  \\$aSexual minority-owned business enterprises
=450  \\$aSexual minority business enterprises$wnne
=550  \\$wg$aMinority business enterprises
=670  \\$aWork cat.: Dallas voice yellow pages, 2009:$bcover (GLBT business directory)
=670  \\$aRitter, K. Handbook of affirmative psychotherapy with lesbians and gay men, c2002, via Google book search, Aug. 14, 2009:$bp. 237 (sexual minority business and professional groups)
=670  \\$aGoogle search, Aug. 14, 2009$b(sexual-minority businesses; sexual minority business owners; queer business community; GLBT businesses; LGBT businesses; sexual minority owned businesses; gay, lesbian, bi-sexual, transgender (GLBT)-owned businesses; GLBT-owned, -operated, and/or -friendly businesses; GLBT-owned and GLBT-friendly businesses; GLBT owned and friendly businesses; LGBT business enterprises; LGBT-owned business enterprises; LGBT owned businesses; Gay, Bisexual, and/or Transgender owned Business Enterprises (LGBTBEs))
=667  \\$aMain entry changed to a local heading in 2021 from Sexual minority business enterprises to LGBTQ+-owned businesses by jdc following Homosaurus pattern

