=LDR  01844cz  a2200193n  4500
=001  9882388070102441
=005  20240401092513.0
=008  120510i|\anznnbabn\\\\\\\\\\|a\ana\\\\\|
=010  \\$ash2012002059
=035  \\$a(DLC)sh2012002059
=035  \\$a(LIBRARY_OF_CONGRESS)98181598520000041
=040  \\$aWaU$beng$cDLC$dDLC
=150  \7$aLGBTQ+ people in higher education$2nula
=450  \\$aSexual minorities in higher education$wnne
=550  \\$wg$aEducation, Higher
=670  \\$aWork cat.: Our place on campus : lesbian, gay, bisexual, transgender services and programs in higher education, 2002:$btable of contents (campus LGBT centers and offices; lesbian, gay, bisexual, and transgender students on campus; LGBT faculty, staff, and alumni organizations; University of California LGBTI association; LGBT resources in higher education)
=670  \\$aNoack, K.W. An assessment of the campus climate for gay, lesbian, bisexual, and transgender persons as perceived by the faculty, staff, and administration at Texas A & M University, 2004:$babstr. (perceptions and behaviors based on university position, race/ethnicity, gender, sexual identity, age, and interaction with members of the sexual orientation minority; finding that the University does not provide a campus environment that is welcoming to all members of the community, especially those individuals who identify as gay, lesbian, bisexual, or transgender; policies that create a more supportive environment and new programs to serve the needs of the sexual orientation minority and to educate the campus community)
=680  \\$iHere are entered works on all aspects of sexual minorities' involvement in higher education.
=667  \\$aMain entry changed to a local heading in 2021 from Sexual minorities in higher education to LGBTQ+ people in higher education by jdc following Homosaurus pattern

