=LDR  01076cz  a2200181n  4500
=001  9882388070202441
=005  20240401092419.0
=008  201005i|\anznnbabn\\\\\\\\\\|a\ana\\\\\|
=010  \\$ash2020008184
=035  \\$a(DLC)sh2020008184
=035  \\$a(LIBRARY_OF_CONGRESS)9817809224000041
=040  \\$aDLC$beng$cDLC$dDLC
=150  \7$aLGBTQ+ people in education$2nula
=450  \\$aSexual minorities in education$wnne
=550  \\$wg$aEducation
=670  \\$aWork cat.: Big gay adventures in education, 2021:$bCIP summary (a collection of true stories by 'out' teachers, and students of 'out' teachers, all about their experiences in schools; aims to empower LGBT+ teachers to be the role models they needed when they were in school and help all teachers and school leaders to promote LGBT+ visibility and inclusion)$w(DLC)2020038924
=680  \\$iHere are entered works on all aspects of sexual minorities' involvement in education.
=667  \\$aMain entry changed to a local heading in 2021 from Sexual minorities in education to LGBTQ+ people in education by jdc following Homosaurus pattern

