=LDR  01338nz  a2200193n  4500
=001  9882388070302441
=005  20240401092302.0
=008  230109\|\anznnbabn\\\\\\\\\\|a\ana\\\\\c
=010  \\$ash2023000062
=035  \\$a(DLC)sh2023000062
=035  \\$a(LIBRARY_OF_CONGRESS)9826612612800041
=040  \\$aWaU$beng$cDLC
=150  \7$aLGBTQ+ people in comics$2nula
=450  \\$aSexual minorities in comics$wnne
=550  \\$wg$aComic books, strips, etc.
=670  \\$aWork cat.: The LGBTQ+ comics studies reader, 2022:$bp. 3 (Queerness in comics) p. 4 (how LGBTQ+ comics posit specifically queer modes of knowing oneself and one's world; LGBTQ+ comics' visualizations of desire, sexuality, and gender expression across time and place) p. 5 (the representation of queer characters and content in comic books) p. 6 (comic books in the late 1980s and early 1990s found ways to include LGBTQ+ minor characters and small opportunities to begin to humanize self-identified queer people) p. 265 (the emergence of a critical mass of LGBTQ+ representation in comics)$w(OCoLC)1335120875
=680  \\$iHere are entered works on the representation of sexual minorities in comics.
=688  \\$aEstablished May 2023.
=667  \\$aMain entry changed to a local heading in 2021 from Sexual minorities in comics to LGBTQ+ people in comics by jdc following Homosaurus pattern

