=LDR  00789cz  a2200169n  4500
=001  9882388070402441
=005  20240401092005.0
=008  070907i|\anznnbabn\\\\\\\\\\|a\ana\\\\\c
=010  \\$ash2007007471
=035  \\$a(DLC) sh2007007471
=035  \\$a(LIBRARY_OF_CONGRESS)98170855550000041
=040  \\$aTXU$beng$cDLC
=150  \7$aLGBTQ+ people in advertising$2nula
=450  \\$aSexual minorities in advertising$wnne
=550  \\$wg$aAdvertising
=670  \\$aWork cat.: What does it mean to be gay in American consumer culture?, 2006:$bp. 1 (the increasing gay men, lesbians, bisexual and transgender (GLBT) images in mainstream advertising)
=667  \\$aMain entry changed to a local heading in 2021 from Sexual minorities in advertising to LGBTQ+ people in advertising by jdc following Homosaurus pattern

