=LDR  00706nz  a2200169n  4500
=001  9882388070602441
=005  20240401091901.0
=008  160129i|\anznnbabn\\\\\\\\\\|a\ana\\\\\c
=010  \\$ash2016000220
=035  \\$a(DLC)sh2016000220
=035  \\$a(LIBRARY_OF_CONGRESS)985521877000041
=040  \\$aMiU-L$beng$cDLC
=150  \7$aLGBTQ+ people (Islamic law)$2nula
=450  \\$aSexual minorities (Islamic law)$wnne
=550  \\$wg$aIslamic law
=670  \\$aWork cat: Sexual and gender diversity in the Muslim world : history, law and vernacular knowledge, 2016.
=667  \\$aMain entry changed to a local heading in 2021 from Sexual minorities (Islamic law) to LGBTQ+ people (Islamic law) by jdc following Homosaurus pattern

