=LDR  01058nz  a2200181n  4500
=001  9882388070802441
=005  20240401091542.0
=008  200312i|\anznnbabn\\\\\\\\\\|a\ana\\\\\c
=010  \\$ash2020000683
=035  \\$a(DLC)sh2020000683
=035  \\$a(LIBRARY_OF_CONGRESS)9814717503500041
=040  \\$aWaU$beng$cDLC
=150  \7$aPacific Islander American LGBTQ+ students$2nula
=450  \\$aSexual minority students, Pacific Islander American
=450  \\$aPacific Islander American sexual minority students$wnne
=550  \\$wg$aSexual minority students$zUnited States
=670  \\$aWork cat.: Truong, N.L. Asian American and Pacific Islander LGBTQ youth in U.S. schools, 2020:$bp. xv (AAPI LGBTQ students) p. 3 (Asian American and Pacific Islander (AAPI) elementary and secondary school students; LGBTQ AAPI students; AAPI LGBTQ students) p. 7 (Pacific Islander LGBTQ students)
=667  \\$aMain entry changed to a local heading in 2021 from Pacific Islander American sexual minority students to Pacific Islander American LGBTQ+ students by jdc following Homosaurus pattern

