=LDR  01007nz  a2200193n  4500
=001  9882388070902441
=005  20240401091423.0
=008  190227i|\anznnbabn\\\\\\\\\\|a\ana\\\\\c
=010  \\$ash2019000430
=035  \\$a(DLC)sh2019000430
=035  \\$a(LIBRARY_OF_CONGRESS)9812218482000041
=040  \\$aWaU$beng$cDLC
=150  \7$aOlder LGBTQ+ women$2nula
=450  \\$aSexual minority older women
=450  \\$aOlder sexual minority women$wnne
=550  \\$wg$aOlder women
=550  \\$wg$aSexual minority women
=670  \\$aWork cat.: 55Upitty, viewed online Feb. 27, 2019:$babout page ("This project is about challenging people's ideas about older LGBTI women; it's about our feisty over-55 upitty women"; the history of women who have been, and the women who still are, involved in lesbian, feminist, gay, bisexual, transgender, intersex and queer activism and culture)
=667  \\$aMain entry changed to a local heading in 2021 from Older sexual minority women to Older LGBTQ+ women by jdc following Homosaurus pattern

