=LDR  01175nz  a2200181n  4500
=001  9882388071102441
=005  20240401090823.0
=008  160925i|\anznnbabn\\\\\\\\\\|a\ana\\\\\c
=010  \\$ash2016002249
=035  \\$a(DLC)sh2016002249
=035  \\$a(LIBRARY_OF_CONGRESS)987377803900041
=040  \\$aWaU$beng$cDLC
=150  \7$aMuseums and LGBTQ+ people$2nula
=450  \\$aSexual minorities and museums
=450  \\$aMuseums and sexual minorities$wnne
=550  \\$wg$aSexual minorities
=670  \\$aWork cat.: Olivo, S. Rocking the boat : exhibition methods of storytelling the experience of gender & sexuality in museums, 2015:$babstr. (emerging models for telling/sharing stories of female-identified and LGBTQ experience in museum exhibition. Keywords: museum, critical museology, exhibition, storytelling, identity, feminist standpoint theory, lesbian, gay, bisexual, transgender, queer, intersectionality, narrative, interpretation, language, education, authenticity) p. 32 (representation of the LGBTQ experience in museums)
=667  \\$aMain entry changed to a local heading in 2021 from Museums and sexual minorities to Museums and LGBTQ+ people by jdc following Homosaurus pattern

