=LDR  00716cz  a2200181n  4500
=001  9882388071202441
=005  20240401090728.0
=008  050627i|\anznnbabn\\\\\\\\\\|a\ana\\\\\c
=010  \\$ash2005020050
=035  \\$a(DLC) sh2005020050
=035  \\$a(LIBRARY_OF_CONGRESS)98171907310000041
=040  \\$aWaU$beng$cDLC$dDLC
=150  \7$aMiddle-aged LGBTQ+ people$2nula
=450  \\$aMiddle-aged sexual minorities$wnne
=550  \\$wg$aMiddle-aged persons
=550  \\$wg$aSexual minorities
=670  \\$aWork cat.: 2004012742: Hunter, S. Midlife and older LGBT adults, c2005.
=667  \\$aMain entry changed to a local heading in 2021 from Middle-aged sexual minorities to Middle-aged LGBTQ+ people by jdc following Homosaurus pattern

