=LDR  01108nz  a2200181n  4500
=001  9882388071302441
=005  20240401090541.0
=008  200316i|\anznnbabn\\\\\\\\\\|a\ana\\\\\c
=010  \\$ash2020000711
=035  \\$a(DLC)sh2020000711
=035  \\$a(LIBRARY_OF_CONGRESS)9814717502100041
=040  \\$aWaU$beng$cDLC
=150  \7$aHispanic American LGBTQ+ youth$2nula
=450  \\$aSexual minority youth, Hispanic American
=450  \\$aHispanic American sexual minority youth$wnne
=550  \\$wg$aSexual minority youth$zUnited States
=670  \\$aWork cat.: Zongrone, A.D. Latinx LGBTQ youth in U.S. schools, 2020:$bp. x (Hispanic/Latino/Latina/Latinx youth and lesbian, gay, bisexual, transgender, and queer (LGBTQ) identities) p. xi (LGBTQIA+ Latinx youth; Latinx LGBTQ youth) p. xv (Hispanic and Latino/Latina/Latinx youth (in this report, inclusively referred to as Latinx) as well as lesbian, gay, bisexual, transgender, and queer (LGBTQ) youth)
=667  \\$aMain entry changed to a local heading in 2021 from Hispanic American sexual minority youth to Hispanic American LGBTQ+ youth by jdc following Homosaurus pattern

