=LDR  01216nz  a2200181n  4500
=001  9882388071402441
=005  20240401090436.0
=008  200316i|\anznnbabn\\\\\\\\\\|a\ana\\\\\c
=010  \\$ash2020000710
=035  \\$a(DLC)sh2020000710
=035  \\$a(LIBRARY_OF_CONGRESS)9814717502200041
=040  \\$aWaU$beng$cDLC
=150  \7$aHispanic American LGBTQ+ students$2nula
=450  \\$aSexual minority students, Hispanic American
=450  \\$aHispanic American sexual minority students$wnne
=550  \\$wg$aSexual minority students$zUnited States
=670  \\$aWork cat.: Zongrone, A.D. Latinx LGBTQ youth in U.S. schools, 2020:$bp. x (students who already experience discrimination and harassment at school because of their intersectional identities as Hispanic/Latino/Latina/Latinx youth and lesbian, gay, bisexual, transgender, and queer (LGBTQ) identities, are facing even more challenges in an increasingly divisive era with racism and anti-immigrant sentiment on the rise; LGBTQ Latinx students) p. xi (the experiences of LGBTQIA+ youth in schools)
=667  \\$aMain entry changed to a local heading in 2021 from Hispanic American sexual minority students to Hispanic American LGBTQ+ students by jdc following Homosaurus pattern

