=LDR  00737nz  a2200169n  4500
=001  9882388071502441
=005  20240401090134.0
=008  180509i|\anznnbabn\\\\\\\\\\|a\ana\\\\\c
=010  \\$ash2018001191
=035  \\$a(DLC)sh2018001191
=035  \\$a(LIBRARY_OF_CONGRESS)9810904596100041
=040  \\$aVaVbRU$beng$cDLC
=150  \7$aChurch work with LGBTQ+ youth$2nula
=450  \\$aChurch work with sexual minority youth$wnne
=550  \\$wg$aSexual minority youth
=670  \\$aWork cat.: Bucher, E.K. Youth Ministry Attitudes toward and Experiences with Sexual Minority Youth, 2016.
=667  \\$aMain entry changed to a local heading in 2021 from Church work with sexual minority youth to Church work with LGBTQ+ youth by jdc following Homosaurus pattern

