=LDR  01031nz  a2200181n  4500
=001  9882388071602441
=005  20240401090006.0
=008  210216i|\anznnbabn\\\\\\\\\\|a\ana\\\\\\
=010  \\$ash2021001451
=035  \\$a(DLC)sh2021001451
=035  \\$a(LIBRARY_OF_CONGRESS)9818366903200041
=040  \\$aDLC$beng$cDLC
=053  \0$aBV4437.5
=150  \7$aChurch work with LGBTQ+ people$2nula
=450  \\$aChurch work with sexual minorities$wnne
=550  \\$wg$aSexual minorities
=670  \\$aWork cat: Messy truth, 2021:$bCIP summary (a compassionate playbook to help Christians, church staff, and ministry leaders create a culture of belonging without sacrificing theological convictions) galley (stories of people who either relate to or identify as LGBTQ; dives into the relational contours of faith, sexuality, conversations, and the importance of community)$w(DLC)2020054706
=667  \\$aMain entry changed to a local heading in 2021 from Church work with sexual minorities to Church work with LGBTQ+ people by jdc following Homosaurus pattern

