=LDR  00964nz  a2200181n  4500
=001  9882388071702441
=005  20240401085743.0
=008  200312i|\anznnbabn\\\\\\\\\\|a\ana\\\\\c
=010  \\$ash2020000682
=035  \\$a(DLC)sh2020000682
=035  \\$a(LIBRARY_OF_CONGRESS)9814717503600041
=040  \\$aWaU$beng$cDLC
=150  \7$aAsian American LGBTQ+ students$2nula
=450  \\$aSexual minority students, Asian American
=450  \\$aAsian American sexual minority students$wnne
=550  \\$wg$aSexual minority students$zUnited States
=670  \\$aWork cat.: Truong, N.L. Asian American and Pacific Islander LGBTQ youth in U.S. schools, 2020:$bp. xv (AAPI LGBTQ students) p. 3 (Asian American and Pacific Islander (AAPI) elementary and secondary school students; LGBTQ AAPI students; AAPI LGBTQ students)
=667  \\$aMain entry changed to a local heading in 2021 from Asian American sexual minority students to Asian American LGBTQ+ students by jdc following Homosaurus pattern

