=LDR  01078nz  a2200181n  4500
=001  9882388071802441
=005  20240401085504.0
=008  200317i|\anznnbabn\\\\\\\\\\|a\ana\\\\\c
=010  \\$ash2020000721
=035  \\$a(DLC)sh2020000721
=035  \\$a(LIBRARY_OF_CONGRESS)9814717501200041
=040  \\$aWaU$beng$cDLC
=150  \7$aAlaska Native LGBTQ+ youth$2nula
=450  \\$aSexual minority youth, Alaska Native
=450  \\$aAlaska Native sexual minority youth$wnne
=550  \\$wg$aSexual minority youth$zUnited States
=670  \\$aWork cat.: Zongrone, A.D. Native American, American Indian, and Alaska Native LGBTQ youth in U.S. schools, 2020:$bp. x (LGBTQ+ native youth) p. xv (Native American, American Indian, and Alaska Native youth (referred to, henceforth, as Native and Indigenous youth in this report) as well as lesbian, gay, bisexual, transgender, and queer (LGBTQ) youth) p. xx (Native and Indigenous LGBTQ youth)
=667  \\$aMain entry changed to a local heading in 2021 from Alaska Native sexual minority youth to Alaska Native LGBTQ+ youth by jdc following Homosaurus pattern

