=LDR  01815nz  a2200181n  4500
=001  9882388071902441
=005  20240401085315.0
=008  200317i|\anznnbabn\\\\\\\\\\|a\ana\\\\\c
=010  \\$ash2020000722
=035  \\$a(DLC)sh2020000722
=035  \\$a(LIBRARY_OF_CONGRESS)9814717501100041
=040  \\$aWaU$beng$cDLC
=150  \7$aAlaska Native LGBTQ+ students$2nula
=450  \\$aSexual minority students, Alaska Native
=450  \\$aAlaska Native sexual minority students$wnne
=550  \\$wg$aSexual minority students$zUnited States
=670  \\$aWork cat.: Zongrone, A.D. Native American, American Indian, and Alaska Native LGBTQ youth in U.S. schools, 2020:$bp. xv (Native and Indigenous LGBTQ students) pp. xv-xvi (the sample for this report consists of any LGBTQ student in the national sample who identified as Native American, American Indian, or Alaska Native, including those who identified only as Native and those who identified as Native and another racial/ethnic identity) p. xvii (Native LGBTQ students) p. 7 (about two-fifths of Native and Indigenous LGBTQ students in the sample (39.0%) identified as gay or lesbian, with just over a quarter (27.0%) identifying as bisexual and 24.9% identifying as pansexual. Nearly half (46.2%) identified as cisgender, 28.8% identified as transgender, and the remainder identified with another gender identity or were unsure of their gender identity. A small number of respondents (0.2%) identified as two-spirit, an umbrella term that is commonly used to encompass the many gender expansive traditions of indigenous cultures, and which may refer to an individual's sexual orientation and/or gender identity)
=667  \\$aMain entry changed to a local heading in 2021 from Alaska Native sexual minority students to Alaska Native LGBTQ+ students by jdc following Homosaurus pattern

