=LDR  00810cz  a2200181n  4500
=001  9882388072002441
=005  20240401085147.0
=008  090814i|\anznnbabn\\\\\\\\\\|a\ana\\\\\c
=010  \\$ash2009007612
=035  \\$a(DLC) sh2009007612
=035  \\$a(LIBRARY_OF_CONGRESS)98169163470000041
=040  \\$aWaU$beng$cDLC
=150  \7$aAlaska Native LGBTQ+ people$2nula
=450  \\$aSexual minorities, Alaska Native
=450  \\$aAlaska Native sexual minorities$wnne
=550  \\$wg$aSexual minorities$zUnited States
=670  \\$aWork cat.: Lehavot, K. Abuse, mastery, and health among lesbian, bisexual, and two-spirit American Indian and Alaska Native women, 2007.
=667  \\$aMain entry changed to a local heading in 2021 from Alaska Native sexual minorities to Alaska Native LGBTQ+ people by jdc following Homosaurus pattern.

