=LDR  01064nz  a2200181n  4500
=001  9882388072102441
=005  20240401084947.0
=008  200317i|\anznnbabn\\\\\\\\\\|a\ana\\\\\c
=010  \\$ash2020000718
=035  \\$a(DLC)sh2020000718
=035  \\$a(LIBRARY_OF_CONGRESS)9814717501500041
=040  \\$aWaU$beng$cDLC
=150  \7$aAfrican American LGBTQ+ youth$2nula
=450  \\$aSexual minority youth, African American
=450  \\$aAfrican American sexual minority youth$wnne
=550  \\$wg$aSexual minority youth$zUnited States
=670  \\$aWork cat.: Truong, N.L. Black LGBTQ youth in U.S. schools, 2020:$bp. xv (Black as well as lesbian, gay, bisexual, transgender, and queer (LGBTQ) youth) p. 3 (Black LGBTQ youth's multiple intersecting marginalized identities (e.g., race, gender, sexual orientation) in relation to multiple interlocking systems of oppression (e.g., racism, transphobia, homophobia))
=667  \\$aMain entry changed to a local heading in 2021 from African American sexual minority youth to African American LGBTQ+ youth by jdc following Homosaurus pattern

