=LDR  01054nz  a2200181n  4500
=001  9882388072202441
=005  20240401084821.0
=008  200317i|\anznnbabn\\\\\\\\\\|a\ana\\\\\c
=010  \\$ash2020000717
=035  \\$a(DLC)sh2020000717
=035  \\$a(LIBRARY_OF_CONGRESS)9814717501600041
=040  \\$aWaU$beng$cDLC
=150  \7$aAfrican American LGBTQ+ students$2nula
=450  \\$aSexual minority students, African American
=450  \\$aAfrican American sexual minority students$wnne
=550  \\$wg$aSexual minority students$zUnited States
=670  \\$aWork cat.: Truong, N.L. Black LGBTQ youth in U.S. schools, 2020:$bp. x (students who are uniquely impacted by racism and homophobia because they are both Black and LGBTQ+ or same gender loving (SGL); Black Lesbian, Gay, Bisexual, Transgender, Queer, and Same Gender Loving people; Black LGBTQ/SGL students) p. xv (Black LGBTQ students)
=667  \\$aMain entry changed to a local heading in 2021 from African American sexual minority students to African American LGBTQ+ students by jdc following Homosaurus pattern.





